@ARTICLE{ newman2002a,
       author = {{Newman}, M.~E.},
        title = "{Assortative Mixing in Networks}",
      journal = {Physical Review Letters},
     keywords = {89.75.Hc, 64.60.Ak, 87.23.Ge, 89.20.Hh, Networks and genealogical trees, Renormalization-group fractal and percolation studies of phase transitions, Dynamics of social systems, World Wide Web Internet, Condensed Matter - Disordered Systems and Neural Networks},
         year = "2002",
        month = "Oct",
       volume = {89},
       number = {20},
          eid = {208701},
        pages = {208701},
          doi = {10.1103/PhysRevLett.89.208701},
archivePrefix = {arXiv},
       eprint = {cond-mat/0205405},
 primaryClass = {cond-mat.dis-nn},
       adsurl = {https://ui.adsabs.harvard.edu/abs/2002PhRvL..89t8701N},
      adsnote = {Provided by the SAO/NASA Astrophysics Data System}
}         

@book{ newman2012a,
  title={Computational Physics},
  author={Newman, M.E.J.},
  isbn={9781480145511},
  url={https://books.google.com/books?id=SS6uNAEACAAJ},
  year={2012},
  publisher={Createspace Independent Pub}
}
